1606 2891
1293 126 1348 172 ιδ’

132 226 205 276 IN
247 220 452 286 QVEM.
495 214 743 267 INDVXI.
785 208 1262 262 SQRCOPHAGVM

143 316 228 364 IN.
269 308 476 370 QVEM.
519 306 683 354 DVM.
723 297 1093 349 RECEPTVM.
1135 293 1263 341 FVE

157 398 284 447 RIT.
329 393 598 443 CORPVS.
638 390 851 439 MEVM.
892 383 1108 434 NVLLI.
1150 382 1242 429 VN

108 483 317 544 QVAM.
357 478 617 529 LICEAT.
662 475 1018 525 ACCEDERE.
1062 473 1282 533 NEQVE

118 568 398 618 VEXARE.
440 566 620 615 OSSA.
665 566 818 612 MEA.
865 563 1003 611 NON
1042 559 1251 608 FILIVS

194 654 436 715 NEQVE.
482 651 791 701 NEPOTES.
835 650 1075 709 NEQVE.
1120 651 1204 696 DE

315 739 734 790 AFFINITATE.
776 738 1001 785 VLLVS.
1043 739 1101 785 SI

259 827 429 890 QVIS.
472 826 700 876 AVTEM
737 824 1142 873 INFRINGERE

127 918 275 965 VEL.
316 915 613 964 APERIRE.
655 913 874 960 AVSVS.
918 912 1171 961 FVERIT.
1215 913 1268 959 IS

145 1003 306 1050 TVM.
348 1002 651 1051 INFERET.
691 999 965 1048 POENAE.
1010 1000 1271 1048 NOMINE

159 1089 330 1138 REIP.
370 1087 633 1136 FOLLES.
674 1085 888 1133 MILLE.
930 1087 1114 1134 SANE.
1156 1088 1244 1133 NE

180 1178 312 1225 VIA.
353 1175 604 1223 PRISCA.
646 1172 725 1220 SI.
767 1173 1228 1221 PERMANSERIT

98 1264 332 1324 VSQVE.
374 1261 465 1310 IN.
508 1261 694 1309 DIEM.
736 1257 1119 1308 FINITIONIS.
1161 1262 1325 1310 SVAE

116 1349 528 1399 RECIPIATVR.
570 1348 683 1396 IBI.
724 1345 946 1395 IVXTA.
989 1346 1297 1394 MARJTVM

185 1437 391 1486 SVVM.
445 1473 454 1483 .
501 1473 511 1482 .
558 1475 567 1483 .
600 1435 692 1500 (1)

114 1526 395 1590 Opportune
473 1524 532 1573 de
568 1525 722 1573 mulla
760 1524 925 1571 iniecta
975 1525 1151 1570 mentio
1176 1560 1188 1580 2
1245 1525 1374 1570 cuius

47 1611 340 1680 infligendae
373 1620 652 1679 potestatem
698 1620 870 1677 negant
890 1610 1107 1656 Dominis
1144 1609 1191 1654 in
1212 1608 1377 1673 Sepul-

50 1716 238 1746 crorum
272 1699 522 1750 violatores
570 1708 812 1747 extraneos
848 1697 936 1746 viri
973 1697 1134 1762 magni
1173 1697 1376 1745 nominis

51 1785 295 1845 Cuiacius,
322 1794 367 1833 et
387 1785 705 1833 Mazocchius:
727 1801 940 1850 quaeque
964 1783 1077 1831 tales
1094 1790 1364 1837 occurrunt,

56 1888 143 1935 pro
179 1870 368 1938 Legatis
403 1873 779 1939 interpretantur
814 1887 1008 1935 poenae
1045 1874 1267 1929 nomine,
1324 1877 1378 1914 ut

57 1958 229 2020 aiunt,
283 1977 403 2026 quae
438 1959 637 2009 heredes
661 1997 676 2021 ,
729 1957 1034 2024 legatariosve
1061 1994 1076 2016 ‚
1135 1973 1226 2002 non
1265 1956 1375 2001 item

59 2042 174 2091 alios
212 2044 457 2093 afficerent.
499 2047 674 2095 Poenas
711 2044 895 2092 easdem
931 2058 1014 2107 pro
1050 2041 1370 2089 comminatio-

61 2146 120 2178 ne
155 2149 286 2181 mera
321 2133 579 2185 severitatis
618 2150 715 2181 non
742 2131 1009 2189 defuturae,
1049 2128 1084 2175 si
1111 2126 1287 2174 iudices
1314 2123 1374 2171 dc

130 2309 194 2362 (1)
224 2311 336 2353 Grut.
368 2327 463 2367 pag.
494 2313 587 2355 810.
621 2329 660 2355 n.
700 2328 759 2358 lo.
