1606 2891
198 110 261 159 26

507 215 595 266 CN
626 252 637 263 .
677 216 884 266 CINNA
916 257 927 267 .
968 218 1232 270 MAGNO.
1265 249 1382 301 COS

474 285 515 330 L
549 323 560 331 .
601 284 883 334 VALERIO
913 327 924 336 .
962 287 1221 339 VOLVSO

510 372 596 418 AD
628 410 637 419 .
679 372 798 420 XIII
826 412 837 420 .
876 377 920 424 K
946 412 957 421 .
997 376 1246 426 APRILIS

333 458 452 506 AD.
494 458 1008 509 MONVMENTVM.
1049 461 1381 514 SOCIORVM

325 543 427 591 IN.
470 545 867 596 CONVENTV.
909 548 1220 600 HABENDO
1246 587 1258 596 .
1296 551 1382 598 CV

729 633 998 683 RATORE

231 720 305 768 C.
346 719 713 771 PETRONIO.
756 721 820 769 C.
861 721 934 769 F.
975 723 1099 771 FAL
1125 761 1137 772 .
1177 724 1406 774 VARIA.
1447 726 1487 772 A

687 808 904 857 CTVM.
947 810 1069 859 EST

198 894 315 945 ET.
357 896 471 944 ITA
495 932 507 944 .
545 895 1038 946 DECREVERVNT
1067 934 1078 944 .
1117 898 1373 947 LOCVM.
1416 898 1456 943 L
1487 934 1499 944 ,

694 981 1029 1032 SEMPRONI

235 1084 272 1128 ζ)
298 1107 308 1117 ,
346 1069 387 1115 L
415 1107 426 1117 ,
466 1068 687 1117 HILARI
716 1108 726 1118 .
767 1070 854 1118 ET
882 1105 892 1115 .
934 1070 1136 1120 OLLAS
1158 1109 1168 1118 .
1210 1074 1256 1119 V
1285 1109 1296 1120 .
1337 1072 1489 1120 DARI

677 1155 1032 1204 ADSIGNARI

256 1241 296 1288 C
326 1278 337 1287 .
376 1240 706 1289 PETRONIO
737 1278 748 1286 .
789 1240 828 1287 C
852 1275 865 1287 .
902 1240 942 1287 F
970 1277 981 1286 .
1021 1240 1144 1289 FAL
1171 1278 1181 1287 .
1222 1242 1464 1289 VARIAE

257 1326 344 1374 OB
367 1364 378 1373 .
415 1327 576 1375 PIVM
605 1365 614 1373 .
656 1325 972 1375 OFFICIVM
1001 1364 1012 1372 .
1053 1327 1461 1377 INDVSTRIAM

622 1413 814 1461 ERGA.
853 1412 1078 1461 SOCIOS

272 1497 435 1548 EIVS.
488 1498 914 1548 MONVMENTI.
952 1500 1056 1548 ET.
1097 1499 1406 1561 SOCIVMQ.

606 1586 746 1634 EVM
768 1623 779 1633 .
820 1585 1140 1635 ADSCIVER

274 1759 406 1808 Talis
443 1762 582 1809 etiam
607 1761 773 1811 Locus
798 1761 1097 1828 Sepulturae
1126 1761 1389 1809 Gentilium
1412 1759 1468 1808 V
1464 1777 1511 1806 e-

209 1858 495 1897 zeranorum
531 1867 556 1894 a
590 1848 806 1896 Reinesio
842 1847 1008 1895 allatus
1045 1847 1126 1913 (1)
1153 1883 1167 1906 ,
1231 1863 1367 1911 quem
1405 1861 1513 1889 con-

209 1934 310 1982 sule
334 1971 346 1992 ‚
385 1936 423 1982 si
458 1944 609 1984 vacat.
651 1935 810 1983 Placet
845 1935 969 1982 enim
1004 1933 1125 1980 illud
1161 1932 1323 1979 afferre
1344 1969 1354 1987 ,
1383 1931 1512 1996 quod

210 2030 278 2069 est
314 2040 338 2068 a
379 2021 682 2089 Sub-Pracff.
726 2022 867 2071 Clas.
909 2021 998 2070 Pr.
1038 2018 1205 2067 Sisen.
1254 2016 1511 2065 Senecione

209 2108 255 2154 in
292 2125 429 2158 usum
466 2108 819 2159 Classiariorum
856 2106 1148 2156 Misenatium
1172 2141 1184 2164 ‚
1212 2104 1271 2151 ob
1295 2118 1510 2168 poenam

265 2296 331 2350 (1)
359 2299 457 2341 Loc.
493 2313 579 2354 sup.
613 2300 679 2339 cit.
713 2311 807 2352 pag.
838 2296 932 2338 553.
