1606 2891
215 135 280 196 48

279 218 387 269 Una
422 219 605 268 literula
636 219 652 266 l
688 217 828 267 distat
863 219 941 269 hic
964 220 1183 270 Hermas
1219 227 1373 269 noster
1402 237 1426 267 a
1457 220 1517 269 C.

213 308 346 358 Iulio
383 306 637 355 HERMIA
658 345 673 368 ‚
693 307 754 356 de
788 325 880 375 quo
916 307 1083 355 titulus
1121 306 1237 355 alter
1279 308 1393 355 item
1414 306 1528 355 Βοι»

220 396 386 461 gianus
424 412 449 440 a
485 395 684 444 Marinio
719 394 891 443 relatus
929 393 1007 461 (1)
1043 395 1105 443 Sic
1143 394 1284 442 habet
1318 414 1329 443 :

717 565 774 612 c,
815 564 1027 614 ivmvs

733 651 1017 701 HERMIAS

423 738 549 787 ET.
590 739 871 802 malms,
911 741 983 788 o,
1027 740 1100 787 H.
1140 738 1216 788 s.
1257 740 1326 788 s.

291 911 423 956 Anne
457 910 507 955 in
542 920 698 959 nostro
726 950 740 971 ‚
798 912 928 977 quod
962 912 1077 960 olim
1112 912 1325 960 Hermias
1348 949 1361 972 ‚
1403 928 1529 958 nune

223 997 449 1063 temporis
484 997 653 1046 iniuria
688 998 866 1045 factum
904 998 1163 1046 HERMAS
1189 1037 1203 1060 ,
1241 999 1410 1046 detrita
1460 1000 1530 1047 vi-=

221 1083 439 1135 videlicet
475 1094 603 1149 parte
638 1086 1004 1151 prominentiore
1056 1085 1213 1132 hastae
1249 1084 1527 1132 dexterioris

223 1172 382 1220 literae
416 1173 512 1220 M?
546 1172 690 1232 Quod
724 1174 788 1220 ita
811 1174 917 1221 dico
935 1211 948 1234 ,
977 1174 1087 1238 quia
1110 1172 1313 1223 fortassis
1333 1179 1538 1237 uterque

223 1257 299 1306 hic
335 1257 484 1306 Iulius
522 1277 702 1318 unum,
742 1258 964 1323 idemque
999 1258 1128 1306 fuere
1157 1279 1170 1317 ;
1212 1259 1344 1326 quod
1379 1265 1532 1304 tamen

227 1345 519 1392 coniecturae
555 1344 727 1392 limites
763 1345 959 1392 minime
1003 1345 1226 1393 excedere
1262 1346 1524 1411 praecipio,

227 1431 305 1479 cui
343 1431 551 1495 profecto
588 1431 706 1478 nihil
742 1431 1045 1482 adversantur
1080 1432 1206 1478 tituli
1240 1430 1426 1497 prolati.
1484 1429 1539 1476 In

227 1517 372 1565 altero
409 1518 532 1565 enim
565 1535 657 1565 non
691 1517 752 1565 de
790 1535 873 1567 suo
896 1556 907 1577 ‚
947 1518 1031 1566 sed
1066 1517 1124 1565 de
1159 1517 1399 1565 Familiari
1453 1516 1534 1563 Li-

225 1602 469 1650 bertorum
503 1620 693 1651 suorum
731 1603 1033 1652 Monumento
1069 1604 1222 1671 agitur
1253 1622 1265 1650 :
1305 1604 1353 1651 in
1392 1603 1534 1651 altero

228 1689 288 1737 de
323 1689 523 1754 ipsomet
561 1689 679 1737 Julii
715 1689 939 1757 Sepulcro
969 1728 980 1746 ,
1022 1691 1097 1737 cui
1132 1708 1282 1740 comes
1343 1690 1532 1738 additur

225 1777 420 1826 Fac-ilis
447 1815 460 1837 ,
500 1777 767 1826 conditione
796 1816 809 1839 ,
847 1787 899 1826 ut
933 1778 1234 1826 manifestum
1271 1788 1336 1826 est
1367 1816 1379 1839 ,
1428 1796 1532 1826 set·-

227 1880 330 1913 vus.
369 1863 515 1931 Atqui
550 1864 661 1912 haec
696 1884 799 1932 pars
834 1865 1078 1915 Marmoris
1114 1866 1350 1914 historica.
1401 1863 1536 1910 [ari-2-

226 1946 391 1996 dicam
413 1958 552 1995 'nunc
571 1950 821 2016 aggredior
834 1950 973 2018 longe
996 1951 1368 2018 negotiosiorem‚
1390 1965 1536 2015 quae—

230 2052 318 2101 que
353 2052 454 2082 rem
490 2045 693 2084 nostram
728 2039 917 2104 propius
955 2039 1157 2105 attingit.

296 2120 571 2170 Continetur
607 2123 720 2173 haec
755 2134 912 2173 autem
946 2132 1040 2173 tota
1066 2125 1258 2190 integris
1296 2140 1374 2174 sex
1397 2122 1531 2172 lineis

825 2251 958 2265 w

282 2302 346 2357 (1)
377 2304 522 2345 Marmi
554 2305 711 2349 Albani.
