1606 2891
211 131 273 192 14

195 225 278 265 aut
313 214 471 265 Affinis
498 253 513 278 ,
573 214 634 264 ad
670 214 828 281 ipsum
881 213 1103 264 accedere
1133 252 1146 276 ,
1201 216 1512 287 defunctique

195 322 295 354 ossa
330 320 500 353 vexare
537 300 867 370 infringendo,
904 302 981 352 vel
1019 303 1295 370 aperiendo.
1321 307 1515 373 Vixque

187 395 388 443 demum
424 391 606 441 Neviae
643 391 831 439 Priscae
864 389 1015 439 Uxori
1048 428 1062 452 ,
1114 393 1152 440 si
1188 394 1330 442 modo
1365 395 1515 450 ⁴vidua

190 483 253 529 ad.
277 481 408 529 diem
443 494 597 544 usque
620 477 843 525 finitionis
881 494 991 525 suae
1009 481 1345 544 permanserit,
1401 498 1510 546 per-

190 568 399 615 mittitur
425 603 440 628 ,
495 573 550 613 ut
589 563 757 613 eodem
803 565 1061 629 recipiatur
1112 568 1246 615 iuxta
1283 568 1509 616 maritum

184 671 346 705 suum.
385 652 438 702 Si
457 670 589 702 secus
614 653 792 700 factum
812 691 827 714 ‚
866 653 950 718 qui
973 653 1136 701 fecerit
1152 690 1167 714 .,
1204 653 1377 702 inferet
1401 654 1513 707 Reiu-

191 742 413 808 publicae
451 739 643 789 Aerario
662 777 677 802 ,
714 758 908 807 poenae
935 744 1132 789 nomine
1152 779 1166 802 ,
1204 740 1339 789 folles
1361 742 1508 790 mille.

191 831 355 879 Follis
389 829 616 877 Gutherio
653 827 842 879 videtur
876 827 1118 877 saeculus
1138 865 1152 889 ,
1196 828 1293 878 sive
1330 827 1512 876 Plauti-2

192 933 281 964 nus
317 915 398 964 ille
436 916 633 969 vidulus
660 951 675 976 ,
711 916 763 962 in
800 931 894 982 quo
930 915 1117 962 nummi
1142 913 1292 963 solent
1310 932 1514 965 asserva-

191 1004 252 1050 ri.
291 1001 456 1070 Longe
490 1001 784 1070 probabilius
801 1001 960 1069 sollis
1002 1008 1098 1047 erat
1133 1012 1360 1052 monetae
1413 1018 1517 1067 spe-0

193 1090 290 1139 cies
312 1128 327 1151 ‚
366 1108 485 1156 quae
520 1091 684 1158 quanti
721 1087 1008 1138 aestimanda
1032 1125 1046 1148 ‚
1085 1088 1192 1154 quis
1228 1107 1354 1137 nunc
1379 1107 1513 1155 prae-

196 1188 319 1228 stare
355 1187 478 1227 certo
515 1179 686 1227 audeat
710 1180 739 1225 ?
773 1176 1109 1245 Fragmentum
1136 1212 1149 1238 ,
1176 1175 1309 1242 quod
1349 1174 1409 1225 ad
1434 1193 1515 1224 nos

196 1266 308 1316 facit
328 1304 344 1329 ,
384 1274 454 1317 est
488 1263 802 1315 huiusmodi:
