1606 2891
234 127 299 173 28

301 209 357 257 C.
399 211 725 276 tergeminum
764 216 828 259 est
868 224 913 258 ,τε
958 212 1255 262 Calumniae
1292 214 1549 265 cavendae

235 313 411 347 causa.
479 298 684 346 Additur
724 300 947 348 continuo
1004 300 1265 348 Senecionis
1324 301 1544 348 sententia

230 390 540 451 proscripta,
571 386 695 433 idest
715 385 943 452 descripta
962 424 972 444 ,
1015 387 1075 436 de
1098 391 1202 436 iure
1222 386 1514 452 possessionis
1536 421 1550 444 ,

235 488 352 535 quae
390 478 457 516 est
494 471 754 519 eiusmodi:

305 579 326 602 »
371 544 694 605 Necessariam
739 559 881 606 fuisse
918 559 1258 626 inspectionem
1318 560 1551 607 aedificio-2

238 666 260 691 ω
302 659 409 690 rum
433 681 448 704 ,
488 653 533 691 et
570 644 658 692 loci
684 683 699 705 ‚
739 643 799 691 de
822 643 995 710 quibus
1035 643 1163 709 apud
1188 662 1261 692 me
1282 653 1435 692 actum
1462 654 1547 705 est,

239 755 261 779 υ
303 748 352 780 re
387 733 485 797 ipsa
521 732 862 780 manifestatur.
903 732 1030 779 Cum
1070 732 1216 798 igitur
1244 733 1457 780 aedificia
1486 731 1556 777 lo-

240 841 261 865 »
304 835 359 865 co
396 835 515 883 puro
571 820 716 883 posita
764 818 1192 884 deprehenderim,
1249 837 1403 886 neque
1459 818 1554 864 ulla

239 929 261 952 ι)
306 905 521 970 sepulcra
557 905 847 970 superposita
878 942 892 964 ,
931 904 1009 953 vel
1036 905 1312 963 coniuncta;
1341 911 1551 970 apparet,

242 1015 263 1038 »
305 990 622 1042 venditionem
656 1006 827 1038 eorum
863 989 1034 1037 IVRE.
1074 990 1372 1049 FACTAM3
1427 991 1556 1038 ideo-

240 1101 262 1126 »
309 1097 401 1146 que
428 1078 490 1125 ad.
516 1077 712 1127 Aelium
735 1078 960 1125 Rufinum
984 1077 1192 1125 Militem
1220 1078 1310 1125 EX
1326 1076 1552 1127 CAVSA„

240 1189 262 1213 »
304 1162 663 1212 EMPTIONIS
703 1165 936 1229 pertinere
972 1163 1209 1214 videntur.
1257 1188 1279 1213 »
1323 1165 1556 1215 Aedefieia

236 1253 407 1319 igitur,
445 1260 604 1316 utpote
640 1268 767 1315 pura
789 1286 802 1309 ‚
840 1251 925 1296 rite
943 1251 1154 1301 vendita.
1185 1252 1276 1299 Res
1296 1251 1432 1319 longe
1468 1253 1561 1301 alis

235 1348 305 1388 ter
341 1356 388 1386 se
424 1338 564 1385 habet
601 1336 660 1384 de
696 1336 833 1387 Loco
857 1375 871 1398 ‚
910 1340 1007 1389 sive
1045 1337 1203 1402 Agre.

312 1451 333 1475 »
374 1427 490 1474 Loci
540 1442 648 1475 vero
681 1462 693 1484 ,
755 1427 852 1477 sive
888 1425 1025 1492 agri,
1080 1441 1225 1490 quem
1262 1423 1552 1472 adiacentem

244 1538 266 1563 »
309 1513 534 1562 aedificiis
590 1512 763 1568 Aelius
820 1512 1108 1562 Abascantus
1136 1550 1147 1570 ‚
1204 1511 1340 1558 Pater
1393 1511 1553 1559 Rufini

244 1623 265 1648 »
308 1601 365 1650 ab
384 1598 648 1649 Heredibus
672 1599 867 1648 Patulcii
886 1599 1104 1647 Diocletis
1151 1615 1297 1665 aeque
1318 1608 1553 1646 mercatus

243 1709 264 1733 »
307 1696 409 1749 est,
449 1705 556 1735 cum
593 1688 762 1737 habeat
801 1688 1003 1755 plurima
1026 1724 1040 1746 ‚
1097 1696 1143 1735 et
1178 1687 1399 1751 dispersis
1435 1686 1551 1734 locis

242 1797 264 1822 »
305 1775 673 1835 SEPVLCRA,
715 1777 786 1823 ius
824 1793 905 1842 per
941 1774 1263 1826 venditionem
1310 1773 1550 1821 transferri

241 1886 267 1911 κ
307 1863 366 1911 ad
402 1865 676 1931 Emptorem
712 1881 808 1912 non
844 1864 1086 1930 potuisset.
1132 1884 1152 1908 »
1195 1861 1342 1910 Erant
1378 1862 1554 1926 quippe

238 1956 461 2019 religiosi
519 1962 706 2020 propter
761 1951 966 2018 sepulcra
1026 1951 1076 1998 in
1124 1947 1293 1996 iisdem
1360 1946 1555 2012 sparsim

239 2042 446 2091 condita.

314 2151 334 2175 »
377 2128 502 2175 Cum
537 2137 692 2175 tamen
743 2126 879 2174 Pater
916 2124 1077 2174 Rufini
1106 2160 1120 2183 ‚
1158 2131 1202 2170 et
1238 2131 1395 2187 postea
1450 2122 1551 2166 Ru„

246 2238 268 2262 »
309 2215 463 2275 finus,
503 2231 786 2282 quamquam
846 2230 937 2262 non
974 2208 1143 2258 IVRE.
1167 2208 1393 2257 FACTA.
1435 2207 1553 2253 EM2

246 2324 267 2350 »
309 2300 565 2353 PTIONE.
591 2340 607 2366 ‚
645 2317 829 2369 semper
878 2301 925 2349 in
961 2296 1295 2365 possessionem
1332 2293 1506 2342 fuerint
1535 2330 1550 2354 a
