<?xml version="1.0" encoding="UTF-8"?>
<!DOCTYPE html PUBLIC "-//W3C//DTD XHTML 1.0 Transitional//EN"
    "http://www.w3.org/TR/xhtml1/DTD/xhtml1-transitional.dtd">
<html xmlns="http://www.w3.org/1999/xhtml" xml:lang="en" lang="en">
 <head>
  <title>
</title>
<meta http-equiv="Content-Type" content="text/html;charset=utf-8" />
  <meta name='ocr-system' content='tesseract 3.04.00' />
  <meta name='ocr-capabilities' content='ocr_page ocr_carea ocr_par ocr_line ocrx_word'/>
</head>
<body>
  <div class='ocr_page' id='page_1' title='image "./formulasiuridicas00guar_0047.png"; bbox 0 0 1606 2891; ppageno 0'>
   <div class='ocr_carea' id='block_1_1' title="bbox 55 124 1368 2087">
    <p class='ocr_par' dir='ltr' id='par_1_1' title="bbox 55 124 1368 1581">
     <span class='ocr_line' id='line_1_1' title="bbox 1297 124 1360 184; baseline 0 -11"><span class='ocrx_word' id='word_1_1' title='bbox 1297 124 1360 184; x_wconf 62' lang='grc'>45</span> 
     </span>
     <span class='ocr_line' id='line_1_2' title="bbox 59 203 1360 288; baseline -0.009 -20"><span class='ocrx_word' id='word_1_2' title='bbox 59 223 278 288; x_wconf 72' lang='lat' dir='ltr'>quamvls</span> <span class='ocrx_word' id='word_1_3' title='bbox 336 213 529 283; x_wconf 77' lang='lat' dir='ltr'>quidem</span> <span class='ocrx_word' id='word_1_4' title='bbox 587 210 930 277; x_wconf 76' lang='lat' dir='ltr'><em>inscripserit:</em></span> <span class='ocrx_word' id='word_1_5' title='bbox 999 203 1360 269; x_wconf 80' lang='lat' dir='ltr'>MONVMEN-</span> 
     </span>
     <span class='ocr_line' id='line_1_3' title="bbox 60 296 1358 361; baseline -0.011 -7"><span class='ocrx_word' id='word_1_6' title='bbox 60 308 202 355; x_wconf 83' lang='lat' dir='ltr'>TVM</span> <span class='ocrx_word' id='word_1_7' title='bbox 230 342 241 352; x_wconf 83' lang='grc'><strong>.</strong></span> <span class='ocrx_word' id='word_1_8' title='bbox 280 302 435 350; x_wconf 89' lang='lat' dir='ltr'>SIBI.</span> <span class='ocrx_word' id='word_1_9' title='bbox 490 299 833 359; x_wconf 83' lang='lat' dir='ltr'>LIBERTISQ</span> <span class='ocrx_word' id='word_1_10' title='bbox 859 336 869 345; x_wconf 88' lang='lat'><strong>.</strong></span> <span class='ocrx_word' id='word_1_11' title='bbox 932 297 1067 346; x_wconf 87' lang='lat' dir='ltr'>SVIS</span> <span class='ocrx_word' id='word_1_12' title='bbox 1092 335 1102 345; x_wconf 85' lang='lat'><strong>.</strong></span> <span class='ocrx_word' id='word_1_13' title='bbox 1147 296 1358 361; x_wconf 72' lang='lat' dir='ltr'>fec-isse.</span> 
     </span>
     <span class='ocr_line' id='line_1_4' title="bbox 60 380 1363 455; baseline -0.012 -15"><span class='ocrx_word' id='word_1_14' title='bbox 60 394 297 440; x_wconf 82' lang='lat' dir='ltr'>Hactenus</span> <span class='ocrx_word' id='word_1_15' title='bbox 336 388 432 436; x_wconf 83' lang='lat' dir='ltr'>ille.</span> <span class='ocrx_word' id='word_1_16' title='bbox 494 390 556 436; x_wconf 85' lang='lat' dir='ltr'>Et</span> <span class='ocrx_word' id='word_1_17' title='bbox 592 391 790 440; x_wconf 76' lang='lat' dir='ltr'>Libertis</span> <span class='ocrx_word' id='word_1_18' title='bbox 829 386 1052 455; x_wconf 81' lang='lat' dir='ltr'>equidem</span> <span class='ocrx_word' id='word_1_19' title='bbox 1115 380 1363 429; x_wconf 70' lang='lat' dir='ltr'>heredibus</span> 
     </span>
     <span class='ocr_line' id='line_1_5' title="bbox 58 468 1365 544; baseline -0.01 -17"><span class='ocrx_word' id='word_1_20' title='bbox 58 479 279 528; x_wconf 81' lang='lat' dir='ltr'>institutis</span> <span class='ocrx_word' id='word_1_21' title='bbox 315 488 471 544; x_wconf 79' lang='lat' dir='ltr'>patere</span> <span class='ocrx_word' id='word_1_22' title='bbox 529 479 808 527; x_wconf 76' lang='lat' dir='ltr'>hereditaria</span> <span class='ocrx_word' id='word_1_23' title='bbox 843 475 1154 524; x_wconf 65' lang='lat' dir='ltr'>Domitiorum</span> <span class='ocrx_word' id='word_1_24' title='bbox 1211 468 1365 535; x_wconf 84' lang='lat' dir='ltr'>sepul-</span> 
     </span>
     <span class='ocr_line' id='line_1_6' title="bbox 56 563 1364 625; baseline -0.001 -11"><span class='ocrx_word' id='word_1_25' title='bbox 56 585 128 615; x_wconf 75' lang='lat' dir='ltr'>cra</span> <span class='ocrx_word' id='word_1_26' title='bbox 157 604 169 625; x_wconf 86' lang='lat'>‚</span> <span class='ocrx_word' id='word_1_27' title='bbox 234 583 371 613; x_wconf 75' lang='lat' dir='ltr'>nemo</span> <span class='ocrx_word' id='word_1_28' title='bbox 420 565 652 614; x_wconf 77' lang='lat' dir='ltr'>Gutherio</span> <span class='ocrx_word' id='word_1_29' title='bbox 714 566 887 613; x_wconf 80' lang='lat' dir='ltr'>inficias</span> <span class='ocrx_word' id='word_1_30' title='bbox 926 566 1076 616; x_wconf 81' lang='lat' dir='ltr'>iverit.</span> <span class='ocrx_word' id='word_1_31' title='bbox 1141 563 1202 612; x_wconf 86' lang='lat' dir='ltr'>At</span> <span class='ocrx_word' id='word_1_32' title='bbox 1239 566 1364 613; x_wconf 86' lang='lat' dir='ltr'>uude</span> 
     </span>
     <span class='ocr_line' id='line_1_7' title="bbox 58 651 1365 713; baseline -0.002 -14"><span class='ocrx_word' id='word_1_33' title='bbox 58 652 284 700; x_wconf 84' lang='lat' dir='ltr'>Gutherio</span> <span class='ocrx_word' id='word_1_34' title='bbox 320 654 534 700; x_wconf 79' lang='lat' dir='ltr'><strong>rescitum</strong></span> <span class='ocrx_word' id='word_1_35' title='bbox 561 691 574 713; x_wconf 91' lang='lat'>‚</span> <span class='ocrx_word' id='word_1_36' title='bbox 613 655 661 702; x_wconf 89' lang='lat' dir='ltr'>in</span> <span class='ocrx_word' id='word_1_37' title='bbox 700 652 1004 701; x_wconf 72' lang='lat' dir='ltr'>hereditaria</span> <span class='ocrx_word' id='word_1_38' title='bbox 1051 651 1365 699; x_wconf 73' lang='lat' dir='ltr'>Domitiorum</span> 
     </span>
     <span class='ocr_line' id='line_1_8' title="bbox 57 738 1365 806; baseline -0.003 -18"><span class='ocrx_word' id='word_1_39' title='bbox 57 739 266 806; x_wconf 82' lang='lat' dir='ltr'>sepulcra</span> <span class='ocrx_word' id='word_1_40' title='bbox 320 755 412 785; x_wconf 87' lang='lat' dir='ltr'>non</span> <span class='ocrx_word' id='word_1_41' title='bbox 449 739 654 804; x_wconf 75' lang='lat' dir='ltr'>patuisse</span> <span class='ocrx_word' id='word_1_42' title='bbox 695 739 874 787; x_wconf 82' lang='lat' dir='ltr'>aditum</span> <span class='ocrx_word' id='word_1_43' title='bbox 911 738 1150 798; x_wconf 77' lang='lat' dir='ltr'>Libertis‚</span> <span class='ocrx_word' id='word_1_44' title='bbox 1180 739 1265 785; x_wconf 86' lang='lat' dir='ltr'>nisi</span> <span class='ocrx_word' id='word_1_45' title='bbox 1286 739 1365 784; x_wconf 86' lang='lat' dir='ltr'>he-</span> 
     </span>
     <span class='ocr_line' id='line_1_9' title="bbox 57 825 1359 886; baseline -0.002 -13"><span class='ocrx_word' id='word_1_46' title='bbox 57 826 194 874; x_wconf 78' lang='lat' dir='ltr'>redes</span> <span class='ocrx_word' id='word_1_47' title='bbox 232 826 434 873; x_wconf 79' lang='lat' dir='ltr'>instituti</span> <span class='ocrx_word' id='word_1_48' title='bbox 470 835 577 873; x_wconf 79' lang='lat' dir='ltr'>ante</span> <span class='ocrx_word' id='word_1_49' title='bbox 613 834 761 873; x_wconf 85' lang='lat' dir='ltr'>esseut</span> <span class='ocrx_word' id='word_1_50' title='bbox 789 864 803 886; x_wconf 80' lang='grc'>.,</span> <span class='ocrx_word' id='word_1_51' title='bbox 842 827 1029 874; x_wconf 75' lang='lat' dir='ltr'>tametsi</span> <span class='ocrx_word' id='word_1_52' title='bbox 1076 825 1359 872; x_wconf 78' lang='lat' dir='ltr'>hereditario</span> 
     </span>
     <span class='ocr_line' id='line_1_10' title="bbox 58 911 1363 978; baseline -0.002 -19"><span class='ocrx_word' id='word_1_53' title='bbox 58 921 362 960; x_wconf 80' lang='lat' dir='ltr'>monumento</span> <span class='ocrx_word' id='word_1_54' title='bbox 397 912 629 960; x_wconf 82' lang='lat' dir='ltr'>Dominus</span> <span class='ocrx_word' id='word_1_55' title='bbox 666 913 982 978; x_wconf 66' lang='lat' dir='ltr'>inscripserit,</span> <span class='ocrx_word' id='word_1_56' title='bbox 1038 929 1083 958; x_wconf 84' lang='lat' dir='ltr'>se</span> <span class='ocrx_word' id='word_1_57' title='bbox 1120 911 1241 958; x_wconf 74' lang='lat' dir='ltr'>illud</span> <span class='ocrx_word' id='word_1_58' title='bbox 1278 912 1363 957; x_wconf 75' lang='lat' dir='ltr'>Ll-</span> 
     </span>
     <span class='ocr_line' id='line_1_11' title="bbox 58 997 1364 1066; baseline 0.002 -20"><span class='ocrx_word' id='word_1_59' title='bbox 58 999 241 1058; x_wconf 73' lang='lat' dir='ltr'>bertis,</span> <span class='ocrx_word' id='word_1_60' title='bbox 282 999 677 1066; x_wconf 77' lang='lat' dir='ltr'>Libertabzcsqzoe</span> <span class='ocrx_word' id='word_1_61' title='bbox 719 1003 824 1048; x_wconf 77' lang='lat' dir='ltr'>suis</span> <span class='ocrx_word' id='word_1_62' title='bbox 857 1000 1013 1046; x_wconf 85' lang='lat' dir='ltr'>fecisse</span> <span class='ocrx_word' id='word_1_63' title='bbox 1034 997 1058 1042; x_wconf 84' lang='lat'>?</span> <span class='ocrx_word' id='word_1_64' title='bbox 1083 998 1224 1047; x_wconf 80' lang='lat' dir='ltr'>Nulla</span> <span class='ocrx_word' id='word_1_65' title='bbox 1259 1018 1364 1064; x_wconf 81' lang='lat' dir='ltr'>pro-</span> 
     </span>
     <span class='ocr_line' id='line_1_12' title="bbox 60 1083 1366 1150; baseline 0.001 -20"><span class='ocrx_word' id='word_1_66' title='bbox 60 1084 183 1131; x_wconf 82' lang='lat' dir='ltr'>fecto</span> <span class='ocrx_word' id='word_1_67' title='bbox 221 1085 335 1131; x_wconf 85' lang='lat' dir='ltr'>cieri</span> <span class='ocrx_word' id='word_1_68' title='bbox 369 1086 466 1132; x_wconf 80' lang='lat' dir='ltr'>Lex</span> <span class='ocrx_word' id='word_1_69' title='bbox 502 1094 684 1150; x_wconf 79' lang='lat' dir='ltr'>potest,</span> <span class='ocrx_word' id='word_1_70' title='bbox 724 1101 813 1148; x_wconf 84' lang='lat' dir='ltr'>qua</span> <span class='ocrx_word' id='word_1_71' title='bbox 841 1086 987 1133; x_wconf 72' lang='lat' dir='ltr'>evinci</span> <span class='ocrx_word' id='word_1_72' title='bbox 1015 1093 1179 1149; x_wconf 73' lang='lat' dir='ltr'>queat,</span> <span class='ocrx_word' id='word_1_73' title='bbox 1209 1083 1260 1128; x_wconf 87' lang='lat' dir='ltr'>id</span> <span class='ocrx_word' id='word_1_74' title='bbox 1296 1086 1366 1131; x_wconf 90' lang='lat' dir='ltr'>iu-</span> 
     </span>
     <span class='ocr_line' id='line_1_13' title="bbox 55 1168 1363 1236; baseline -0.001 -18"><span class='ocrx_word' id='word_1_75' title='bbox 55 1171 118 1218; x_wconf 74' lang='lat' dir='ltr'>ris</span> <span class='ocrx_word' id='word_1_76' title='bbox 156 1171 425 1219; x_wconf 81' lang='lat' dir='ltr'>vetitumin</span> <span class='ocrx_word' id='word_1_77' title='bbox 452 1168 678 1236; x_wconf 82' lang='lat' dir='ltr'>Sepulcra</span> <span class='ocrx_word' id='word_1_78' title='bbox 716 1187 796 1216; x_wconf 82' lang='lat' dir='ltr'>sua</span> <span class='ocrx_word' id='word_1_79' title='bbox 820 1169 1127 1218; x_wconf 72' lang='lat' dir='ltr'>hereditaria</span> <span class='ocrx_word' id='word_1_80' title='bbox 1163 1171 1363 1235; x_wconf 77' lang='lat' dir='ltr'>patronis</span> 
     </span>
     <span class='ocr_line' id='line_1_14' title="bbox 59 1254 1363 1323; baseline 0.001 -20"><span class='ocrx_word' id='word_1_81' title='bbox 59 1274 268 1322; x_wconf 83' lang='lat' dir='ltr'>quorum</span> <span class='ocrx_word' id='word_1_82' title='bbox 305 1273 363 1303; x_wconf 82' lang='lat' dir='ltr'>ex</span> <span class='ocrx_word' id='word_1_83' title='bbox 399 1254 595 1303; x_wconf 83' lang='lat' dir='ltr'>adverso</span> <span class='ocrx_word' id='word_1_84' title='bbox 631 1261 681 1304; x_wconf 83' lang='lat' dir='ltr'>in</span> <span class='ocrx_word' id='word_1_85' title='bbox 699 1257 876 1323; x_wconf 73' lang='lat' dir='ltr'><em>sorum</em></span> <span class='ocrx_word' id='word_1_86' title='bbox 897 1294 908 1316; x_wconf 83' lang='lat'>‚</span> <span class='ocrx_word' id='word_1_87' title='bbox 935 1257 1180 1306; x_wconf 70' lang='lat' dir='ltr'>bustamve</span> <span class='ocrx_word' id='word_1_88' title='bbox 1204 1269 1363 1305; x_wconf 71' lang='lat' dir='ltr'>aeter-</span> 
     </span>
     <span class='ocr_line' id='line_1_15' title="bbox 61 1344 1354 1410; baseline 0.002 -22"><span class='ocrx_word' id='word_1_89' title='bbox 61 1359 132 1391; x_wconf 82' lang='lat' dir='ltr'>na</span> <span class='ocrx_word' id='word_1_90' title='bbox 168 1348 445 1392; x_wconf 74' lang='lat' dir='ltr'>auctoritas</span> <span class='ocrx_word' id='word_1_91' title='bbox 482 1352 596 1390; x_wconf 78' lang='lat' dir='ltr'>erat.</span> <span class='ocrx_word' id='word_1_92' title='bbox 657 1344 788 1403; x_wconf 80' lang='lat' dir='ltr'>Quae</span> <span class='ocrx_word' id='word_1_93' title='bbox 823 1353 981 1392; x_wconf 77' lang='lat' dir='ltr'>extant</span> <span class='ocrx_word' id='word_1_94' title='bbox 1006 1345 1226 1410; x_wconf 82' lang='lat' dir='ltr'>equidem</span> <span class='ocrx_word' id='word_1_95' title='bbox 1252 1362 1354 1391; x_wconf 87' lang='lat' dir='ltr'>mo-</span> 
     </span>
     <span class='ocr_line' id='line_1_16' title="bbox 59 1429 1368 1497; baseline 0.002 -22"><span class='ocrx_word' id='word_1_96' title='bbox 59 1438 291 1476; x_wconf 74' lang='lat' dir='ltr'>numenta</span> <span class='ocrx_word' id='word_1_97' title='bbox 316 1467 330 1490; x_wconf 77' lang='grc'><em>,</em></span> <span class='ocrx_word' id='word_1_98' title='bbox 368 1447 506 1477; x_wconf 86' lang='lat' dir='ltr'>omne</span> <span class='ocrx_word' id='word_1_99' title='bbox 543 1430 674 1477; x_wconf 82' lang='lat' dir='ltr'>aliud</span> <span class='ocrx_word' id='word_1_100' title='bbox 711 1429 908 1477; x_wconf 82' lang='lat' dir='ltr'>suadere</span> <span class='ocrx_word' id='word_1_101' title='bbox 945 1432 1157 1496; x_wconf 73' lang='lat' dir='ltr'>possint,</span> <span class='ocrx_word' id='word_1_102' title='bbox 1201 1449 1225 1477; x_wconf 81' lang='lat' dir='ltr'>e</span> <span class='ocrx_word' id='word_1_103' title='bbox 1262 1431 1368 1497; x_wconf 82' lang='lat' dir='ltr'>qui-</span> 
     </span>
     <span class='ocr_line' id='line_1_17' title="bbox 59 1513 972 1581; baseline 0.003 -21"><span class='ocrx_word' id='word_1_104' title='bbox 59 1513 148 1562; x_wconf 69' lang='lat' dir='ltr'>bus</span> <span class='ocrx_word' id='word_1_105' title='bbox 185 1516 293 1562; x_wconf 84' lang='lat' dir='ltr'>satis</span> <span class='ocrx_word' id='word_1_106' title='bbox 330 1516 419 1563; x_wconf 89' lang='lat' dir='ltr'>hoc</span> <span class='ocrx_word' id='word_1_107' title='bbox 456 1534 603 1564; x_wconf 86' lang='lat' dir='ltr'>unum</span> <span class='ocrx_word' id='word_1_108' title='bbox 641 1516 833 1563; x_wconf 81' lang='lat' dir='ltr'>Gruteri</span> <span class='ocrx_word' id='word_1_109' title='bbox 872 1516 972 1581; x_wconf 83' lang='lat'>(1).</span> 
     </span>
    </p>

    <p class='ocr_par' dir='ltr' id='par_1_2' title="bbox 196 1603 1228 2087">
     <span class='ocr_line' id='line_1_18' title="bbox 278 1603 1156 1663; baseline 0.003 -15"><span class='ocrx_word' id='word_1_110' title='bbox 278 1603 538 1651; x_wconf 83' lang='lat' dir='ltr'>INFERRI</span> <span class='ocrx_word' id='word_1_111' title='bbox 576 1603 707 1651; x_wconf 85' lang='lat' dir='ltr'>HOC</span> <span class='ocrx_word' id='word_1_112' title='bbox 746 1603 884 1652; x_wconf 87' lang='lat' dir='ltr'>NON</span> <span class='ocrx_word' id='word_1_113' title='bbox 920 1604 1112 1651; x_wconf 83' lang='lat' dir='ltr'><strong>LICET</strong></span> <span class='ocrx_word' id='word_1_114' title='bbox 1144 1642 1156 1663; x_wconf 78' lang='grc'><em>,</em></span> 
     </span>
     <span class='ocr_line' id='line_1_19' title="bbox 196 1687 1228 1750; baseline 0.003 -13"><span class='ocrx_word' id='word_1_115' title='bbox 196 1687 327 1737; x_wconf 89' lang='lat' dir='ltr'>NISI</span> <span class='ocrx_word' id='word_1_116' title='bbox 363 1690 641 1750; x_wconf 84' lang='lat' dir='ltr'>QVORVM</span> <span class='ocrx_word' id='word_1_117' title='bbox 677 1689 938 1737; x_wconf 86' lang='lat' dir='ltr'><strong>NOMINA</strong></span> <span class='ocrx_word' id='word_1_118' title='bbox 962 1690 1228 1739; x_wconf 85' lang='lat' dir='ltr'>SCRIPTA</span> 
     </span>
     <span class='ocr_line' id='line_1_20' title="bbox 239 1774 1172 1838; baseline 0.003 -15"><span class='ocrx_word' id='word_1_119' title='bbox 239 1774 442 1838; x_wconf 86' lang='lat' dir='ltr'>SVNT,</span> <span class='ocrx_word' id='word_1_120' title='bbox 481 1778 567 1825; x_wconf 90' lang='lat' dir='ltr'>ET</span> <span class='ocrx_word' id='word_1_121' title='bbox 603 1777 835 1836; x_wconf 79' lang='lat' dir='ltr'>QVIBVS</span> <span class='ocrx_word' id='word_1_122' title='bbox 873 1777 1131 1826; x_wconf 82' lang='lat' dir='ltr'>CAVERO</span> <span class='ocrx_word' id='word_1_123' title='bbox 1159 1816 1172 1837; x_wconf 78' lang='lat'>‚</span> 
     </span>
     <span class='ocr_line' id='line_1_21' title="bbox 362 1863 1067 1913; baseline 0.004 -3"><span class='ocrx_word' id='word_1_124' title='bbox 362 1863 431 1910; x_wconf 87' lang='lat' dir='ltr'>M.</span> <span class='ocrx_word' id='word_1_125' title='bbox 472 1863 785 1911; x_wconf 85' lang='lat' dir='ltr'><strong>POMPEIO.</strong></span> <span class='ocrx_word' id='word_1_126' title='bbox 825 1865 1067 1913; x_wconf 82' lang='lat' dir='ltr'><strong>ITHACO</strong></span> 
     </span>
     <span class='ocr_line' id='line_1_22' title="bbox 382 1950 1024 2000; baseline 0.003 -4"><span class='ocrx_word' id='word_1_127' title='bbox 382 1950 685 1998; x_wconf 87' lang='lat' dir='ltr'><strong>POMPEAE</strong></span> <span class='ocrx_word' id='word_1_128' title='bbox 721 1951 1024 2000; x_wconf 89' lang='lat' dir='ltr'>VRBANAE</span> 
     </span>
     <span class='ocr_line' id='line_1_23' title="bbox 340 2035 1074 2087; baseline 0.004 -4"><span class='ocrx_word' id='word_1_129' title='bbox 340 2035 566 2085; x_wconf 89' lang='lat' dir='ltr'>ITHACI</span> <span class='ocrx_word' id='word_1_130' title='bbox 605 2035 1074 2087; x_wconf 84' lang='lat' dir='ltr'><strong>CONLIBERTAE.</strong></span> 
     </span>
    </p>
   </div>
   <div class='ocr_carea' id='block_1_2' title="bbox 124 2298 590 2355">
    <p class='ocr_par' dir='ltr' id='par_1_3' title="bbox 124 2298 590 2355">
     <span class='ocr_line' id='line_1_24' title="bbox 124 2298 590 2355; baseline 0.013 -16"><span class='ocrx_word' id='word_1_131' title='bbox 124 2298 188 2352; x_wconf 85' lang='grc' dir='ltr'>(ι)</span> <span class='ocrx_word' id='word_1_132' title='bbox 215 2300 316 2355; x_wconf 82' lang='lat' dir='ltr'>Pag.</span> <span class='ocrx_word' id='word_1_133' title='bbox 349 2301 444 2355; x_wconf 72' lang='lat'><strong>884.</strong></span> <span class='ocrx_word' id='word_1_134' title='bbox 478 2319 518 2344; x_wconf 89' lang='lat' dir='ltr'>n.</span> <span class='ocrx_word' id='word_1_135' title='bbox 551 2305 590 2345; x_wconf 72' lang='lat'>5,</span> 
     </span>
    </p>
   </div>
  </div>
 </body>
</html>
