1606 2891
201 128 283 176 16

189 216 264 263 his
300 218 638 284 cognoverint,
679 220 867 284 exponit
904 219 1161 268 Gutherius
1199 221 1294 288 (1).
1358 224 1508 292 Atqui

189 303 281 351 hoc
316 305 365 350 in
404 321 509 350 casu
549 303 774 352 Judicnm
809 306 1001 353 arbitrio
1037 325 1213 373 poenae
1248 310 1333 356 hae
1360 311 1505 358 relin-

189 390 403 458 quendae
440 390 643 450 fuerant,
667 409 787 457 quae
823 402 980 439 tamen
1001 403 1185 454 certae,
1222 393 1509 443 determina-

190 488 358 540 taequc
385 487 633 523 occurrunt
667 494 751 541 pro
777 486 1050 525 testatorum
1088 480 1343 528 voluntate.
1366 482 1508 530 Unde

189 571 423 627 praeterea
460 564 531 609 ius
569 561 698 609 istud
734 562 960 611 Judicum
998 566 1044 611 iu
1085 583 1253 631 poenas
1315 570 1507 634 exigen-

193 650 277 698 das
294 688 308 711 ‚
329 658 601 699 testatorum
621 650 831 711 arbitrio,
853 654 897 698 in
918 661 1155 700 extraneos
1185 654 1506 720 sepulcrorum

190 736 434 787 violatores
461 740 489 784 Ρ
542 745 587 783 at
639 738 676 783 si
714 737 895 785 nullum
935 738 1006 786 his
1042 741 1087 786 in
1127 741 1376 789 violatores
1429 761 1506 789 ex-

194 833 380 870 traneos
408 862 420 883 ‚
477 832 530 869 ut
564 824 614 870 hi
652 824 985 886 contendunt,
1041 829 1115 873 ius
1169 837 1298 886 erat3
1354 828 1508 876 multo

195 911 353 957 minus
389 909 438 954 in
475 908 652 956 iudices
689 928 786 958 esse
821 921 1002 976 poterat
1027 950 1041 972 ,
1099 917 1182 979 qui
1220 913 1279 961 ad
1318 932 1391 962 eas
1429 932 1506 962 co-

195 1007 363 1063 gerent
397 994 638 1044 violatores
674 1014 796 1044 mera
817 1001 1048 1046 testatoris
1069 1000 1320 1049 voluntate.
1347 1001 1509 1048 Utris=

194 1103 289 1151 que
322 1086 468 1152 igitur
503 1086 577 1132 ius
615 1085 719 1151 lege
758 1084 954 1132 datum:
997 1095 1043 1133 et
1080 1087 1384 1134 testatoribus
1409 1124 1422 1146 ,
1453 1098 1507 1134 ut

191 1189 367 1239 poenas
404 1173 698 1238 iniungerent
716 1210 728 1232 ‚
769 1181 815 1218 et
850 1170 1104 1232 iudicibus,
1127 1181 1178 1219 ut
1198 1174 1384 1220 easdem
1409 1175 1508 1219 exi-

193 1268 378 1326 gerent.
420 1259 480 1305 Et
504 1259 709 1324 profecto
746 1258 833 1303 nisi
857 1258 962 1324 lege
999 1257 1159 1305 datum
1180 1296 1193 1316 ‚
1213 1269 1294 1307 aut
1308 1260 1506 1324 permis-

196 1364 301 1393 sum
338 1347 408 1392 ius
433 1345 558 1392 istud.
594 1344 891 1392 testatoribus
912 1344 1076 1398 fuerat,
1112 1362 1268 1392 annon
1306 1361 1353 1391 se
1384 1343 1510 1390 deri*m

193 1432 375 1480 diculos
411 1432 763 1496 praebuissent,
811 1431 890 1497 qui
924 1448 1094 1496 poenas
1131 1431 1362 1480 eiusmodi
1409 1442 1505 1478 tam

196 1537 366 1586 saepe,
405 1526 449 1565 et
483 1518 597 1566 serio
625 1555 638 1576 ‚
679 1527 722 1565 et
761 1526 967 1565 accurate
1008 1518 1224 1565 definitas
1276 1520 1501 1583 sepulcris

197 1606 295 1653 suis
330 1604 793 1671 praefixissent?.At
828 1613 872 1650 at
909 1602 1084 1650 multae
1121 1604 1206 1652 hae
1238 1643 1251 1664 ‚
1290 1613 1343 1651 ut
1362 1603 1503 1652 colla=

199 1695 257 1741 tis
294 1690 508 1757 undique
544 1691 774 1756 exemplis
807 1690 1175 1738 luculentissime
1215 1692 1353 1740 evicit
1401 1689 1501 1735 Man

197 1781 376 1838 liuius,
416 1795 509 1825 non
548 1795 666 1825 unos
701 1777 956 1826 afficiebant
992 1777 1197 1825 Heredes
1232 1816 1245 1837 ‚
1306 1778 1502 1844 Legata—

197 1867 347 1915 riosve
368 1902 383 1925 ‚
442 1864 523 1912 sed
577 1866 819 1930 Emptores
868 1881 1054 1929 quoque
1078 1901 1091 1922 ,
1153 1874 1233 1912 aut
1295 1865 1499 1911 Donata-

199 1954 291 2001 rios
313 1991 327 2013 ,
367 1960 443 1999 aut
478 1952 592 2000 alios
630 1952 827 1999 demum
865 1961 1103 1999 extraneos
1157 1967 1460 2017 quoscunque
1487 1987 1499 2006 ‚

201 2042 283 2106 qui
320 2057 414 2105 quo
449 2058 542 2106 quo
578 2041 722 2088 modo
758 2048 1057 2087 monumenta
1098 2036 1365 2087 violassent.
1405 2035 1505 2083 Hoc

200 2143 351 2174 unum
388 2127 717 2192 ampliandum
754 2145 929 2175 censeo.
970 2125 1186 2181 Multas,
1237 2122 1296 2169 de
1332 2122 1501 2187 quibus

203 2213 413 2261 instituta
452 2214 662 2279 quaestio
701 2222 806 2271 est,
847 2221 1071 2279 quatenus
1107 2229 1166 2260 ex
1185 2211 1305 2258 notis
1342 2209 1498 2257 hactffi

255 2376 320 2429 (ι)
353 2375 450 2429 Pag-
486 2376 579 2430 454-
