1606 2891
234 132 298 178 36

302 215 542 282 Perplacet
580 213 704 262 illud
728 232 778 264 se
805 217 917 265 vivis
939 251 952 275 ,
979 211 1109 279 quod.
1125 210 1395 260 dieculariis
1423 227 1528 259 eru-

230 302 342 349 ditis
379 301 567 366 sequius
604 319 771 353 aevum
807 301 899 348 olet
927 338 937 358 ,
978 301 1060 366 qui
1100 298 1366 347 meminisse
1403 307 1528 363 pote-

230 395 383 435 ¹terant
426 387 695 435 Terentiani
731 387 894 436 illius:
948 397 1217 454 praesente
1254 386 1409 435 nobis.
1472 386 1536 432 Et

230 474 318 521 hoc
354 482 588 538 praeterea
624 474 841 521 damnato
870 512 883 534 ‚
923 472 1046 520 illud
1078 473 1303 521 damnent
1336 512 1349 534 ‚
1380 490 1538 520 neces-

230 577 280 607 se
317 568 417 607 est:
458 577 491 607 α
527 564 703 625 seipsis
739 561 794 608 id
811 560 1056 628 jecerunt
1083 597 1096 619 ,
1136 559 1325 610 aliudve
1361 561 1535 612 simile.

233 643 309 691 Ad
346 645 457 693 haec
482 664 493 693 ε
535 647 791 694 notandum
811 684 824 706 ,
864 645 980 694 duos
1017 646 1226 694 Aurelios
1251 685 1264 707 ,
1293 646 1491 695 alterum
1516 667 1540 695 a

230 740 380 780 matre
417 732 788 798 Telesphorum,
830 734 1080 781 Tatianum
1116 733 1318 781 alterum
1363 752 1536 801 cogno-

233 821 498 879 minatum,
538 819 739 885 insignes
773 820 913 867 ambo
949 828 1142 885 paterno
1206 820 1362 886 Quint
1395 839 1529 887 prae-

234 907 442 954 nomine.
485 905 602 953 Fere
639 915 796 955 tamen
830 906 869 953 F
872 907 1096 955 amiliaria
1131 909 1277 956 stricti
1312 909 1425 955 iuris
1466 926 1536 956 se-

231 993 400 1062 pulcra
460 992 833 1041 internoscunlur
883 992 1079 1040 formula
1139 993 1220 1040 illa
1255 994 1532 1042 tritissima:

233 1079 394 1130 SIBI.
437 1079 524 1126 ET
545 1115 555 1125 .
596 1078 737 1127 SVIS
760 1116 771 1126 .
811 1081 886 1128 cui
921 1078 1156 1127 adnexum
1193 1098 1340 1146 quam
1375 1082 1541 1145 saepis-

233 1167 348 1215 sime
378 1185 389 1213 :
430 1165 713 1231 Posterisqe
738 1182 936 1225 eorum,
965 1167 1061 1212 sine
1088 1165 1410 1216 additamento
1432 1165 1538 1214 alio.

233 1251 326 1302 Suc·
360 1252 482 1299 enim
530 1251 847 1317 propriissime
907 1248 1126 1298 dicuntur
1161 1251 1302 1314 Filii,
1363 1263 1408 1300 et
1445 1252 1545 1300 nati
1587 1269 1590 1272 ·

234 1349 490 1399 natorum,
554 1347 600 1384 et
634 1338 718 1404 qui
767 1345 1017 1385 nascuntur
1071 1336 1254 1386 abhis.
1318 1337 1544 1385 Formula

235 1441 424 1490 quoque
459 1422 659 1489 sepulcri
709 1422 948 1471 familiaris
995 1424 1145 1472 stricti
1183 1424 1296 1473 iuris
1338 1423 1544 1471 notanda

241 1508 370 1576 apud
404 1509 663 1557 Gruterum
697 1508 780 1574 (ι)
805 1545 819 1570 ,
855 1526 996 1575 quam
1032 1509 1082 1557 in
1113 1509 1203 1558 fine
1240 1508 1368 1558 tituli
1402 1509 1539 1558 huius

240 1595 480 1662 perpende
510 1616 521 1645 :

545 1677 736 1734 DIDIA
764 1719 775 1730 .
816 1680 890 1729 Τ.
931 1680 970 1728 F
993 1718 1003 1729 .
1045 1680 1236 1730 FABIA

431 1768 663 1816 MATER
692 1808 702 1818 .
744 1767 842 1817 IN.
886 1767 1020 1814 MEO
1053 1803 1062 1813 .
1105 1768 1366 1817 DOLORE

523 1855 597 1903 IN
618 1892 629 1902 .
673 1854 805 1902 HOC
829 1892 839 1902 ,
880 1853 1263 1903 SEPVLCHRO

276 1939 509 1989 NOMEN
530 1977 539 1987 .
583 1940 652 1989 IN
677 1977 687 1987 .
730 1941 831 1989 HIS
858 1978 869 1987 .
908 1938 1236 1991 ADSCRIPSI
1263 1980 1273 1989 .
1325 1942 1513 1990 MEVM

487 2026 594 2075 HIC
624 2063 634 2074 .
675 2025 797 2075 EST
821 2064 831 2074 .
873 2027 1121 2076 DOMVS.
1163 2028 1300 2076 MEA

715 2113 856 2162 CVM
879 2151 888 2160 .
929 2112 1077 2161 MEIS

297 2292 361 2347 (a)
389 2292 489 2348 Pag.
520 2291 614 2335 680.
650 2308 687 2334 n.
725 2296 762 2336 5„

1604 88 1606 111 i

1603 114 1606 149 l

1604 177 1606 272 i
