1606 2891
242 128 306 178 50

237 224 390 261 terum
427 213 550 260 Juris
588 212 904 261 consultorum
963 229 1087 277 penu
1122 213 1417 278 deprompto.
1473 214 1552 261 In„

234 302 382 347 iunxit
420 299 621 364 quidam
656 299 821 347 heredi
861 317 945 346 suo
968 337 982 358 ‚
1023 316 1080 345 ne
1117 300 1179 348 de
1216 303 1417 350 nomine
1439 300 1553 350 alie-

230 395 360 433 naret
396 387 584 452 praedia
623 387 858 452 quaedam
897 404 980 433 sua
1017 386 1285 434 suburbana
1324 406 1435 435 cum
1473 406 1545 437 se-

228 473 411 537 pulcro.
453 472 602 521 Heres
640 473 750 520 huic
787 472 992 520 succedit
1017 473 1108 521 filia
1132 474 1286 534 unica,
1308 492 1428 541 quae
1463 493 1550 522 nu-

224 569 305 623 pta
345 558 516 606 Filiam
567 560 683 606 item
739 560 930 606 unicam
984 577 1112 607 suam
1148 558 1372 608 heredem
1422 563 1550 611 insti-

222 645 334 692 tuit.
376 646 633 693 Testatoris
671 646 784 693 haec
822 645 1019 711 Neptis,
1069 647 1331 714 eademque
1368 647 1500 696 heres
1529 687 1545 710 ‚

222 744 531 781 extraneum
567 734 753 780 inducit
792 732 1044 782 heredem.
1094 732 1211 781 Orta
1246 734 1358 782 hinc
1397 753 1542 801 quae·-

219 821 309 867 stio
341 858 354 878 ,
394 827 550 866 utrum
587 820 802 886 praedia
838 820 1050 868 adnexa
1087 820 1148 867 ad
1183 816 1405 870 heredem
1462 839 1543 870 ex-

217 917 440 953 traneum
479 907 780 970 pertinerent.
820 906 901 953 Lis
939 906 1203 954 adiudicata
1228 907 1392 956 heredi
1425 908 1542 956 huic

216 1001 458 1039 extraneo.
501 992 639 1040 Ratio
675 991 893 1049 affertur,
936 991 1067 1057 quod
1102 995 1331 1042 testatoris
1366 995 1541 1045 volun-

215 1087 287 1125 tas
319 1083 581 1145 praecepti
618 1079 742 1127 nudi
778 1078 952 1127 limites
1005 1097 1099 1127 non
1135 1080 1539 1146 praetergredere-

213 1174 309 1211 tur.
356 1165 504 1229 Quod
543 1172 669 1214 enim
705 1166 895 1215 nullam
932 1185 1140 1217 causam
1169 1205 1184 1229 ,
1222 1167 1494 1217 NVLLAM
1523 1206 1536 1217 0

211 1249 513 1298 POENAM.
558 1260 776 1302 eontinet
803 1290 818 1314 ‚
875 1269 1004 1318 quae
1038 1269 1142 1301 non
1189 1259 1499 1304 committitur·
1523 1292 1535 1312 ,

211 1339 308 1385 nisi
345 1339 543 1403 scripta
580 1340 661 1384 sit.
704 1335 927 1385 Scevolae
964 1336 1050 1384 hoc
1088 1355 1366 1402 responsum
1426 1339 1539 1386 alle·

210 1431 353 1489 gatur
389 1423 446 1470 ab
483 1424 679 1488 ipsomet
715 1422 1058 1490 Gutherio(1).
1097 1423 1351 1471 Caeterum
1386 1443 1536 1491 poena

212 1508 328 1557 haec
366 1510 476 1557 satis
512 1513 776 1559 commissa
810 1509 1061 1559 videbatur
1095 1510 1300 1577 simplici
1336 1509 1419 1558 illa
1438 1511 1531 1559 for-

209 1593 360 1656 mula,
382 1613 524 1662 quam
561 1613 697 1662 supra
731 1596 1007 1663 tetigimus:
1047 1597 1298 1663 Sepulcro
1321 1598 1530 1660 cedant,

208 1700 302 1747 qua
358 1683 584 1731 nimirum
638 1682 987 1752 intelligebatur
1010 1722 1023 1745 ,
1064 1685 1279 1735 adnexa
1305 1702 1399 1733 non
1446 1687 1529 1733 mi-

208 1783 295 1814 nus
333 1770 574 1834 religiosa:
598 1808 611 1830 ,
649 1770 876 1819 testatoris
913 1770 1153 1820 voluntate
1183 1808 1198 1831 ,
1251 1787 1349 1820 esse
1387 1789 1526 1838 opor-

130 1883 134 1885 -
166 1887 168 1889 »
205 1859 305 1900 tere
337 1889 351 1911 ,
390 1871 535 1920 quam
573 1855 836 1922 sepulcrum
871 1856 1042 1922 ipsum.

274 1937 361 1985 ΙΙΙ.
404 1940 640 2000 QVIBVS
662 1978 672 1988 .
713 1940 1113 1990 DONATIONIS
1141 1978 1152 1989 .
1193 1941 1401 1992 CAVSA
1432 1979 1442 1989 .
1464 1944 1526 1990 E=

205 2023 641 2076 MANCIPATVM
671 2065 682 2075 .
711 2028 862 2077 ERIT
893 2066 904 2076 .
948 2030 1052 2090 Quo
1070 2037 1246 2077 constet
1267 2068 1278 2088 ‚
1319 2047 1520 2095 agrum‚

211 2119 258 2158 et
295 2112 536 2175 aedgficia
574 2115 840 2164 donationis
865 2133 1022 2166 merae
1040 2115 1177 2164 titulo
1200 2115 1404 2165 Libertis
1423 2125 1518 2163 tra-

259 2295 327 2349 (1)
356 2295 448 2336 Lib„
482 2298 554 2336 111.
590 2297 693 2353 Cap.
726 2298 800 2339 Vl,
834 2313 929 2354 pag.
960 2298 1056 2350 451.
1087 2305 1129 2340 et
1159 2297 1226 2337 52,θ
