1606 2891
207 155 270 189 22
334 188 340 195 ,

263 225 376 290 Ego
412 226 776 273 transmarinus
814 222 993 290 hospes
1028 239 1135 272 sum
1171 223 1503 292 Diapontius,

261 311 362 359 Hic·
398 310 567 359 habito
598 330 610 359 :
639 309 767 360 haec
793 311 909 360 milu‘
938 310 1109 361 dedita
1132 324 1205 362 est
1228 312 1501 361 habitatio:

261 398 397 447 Nam
431 414 505 445 me
524 397 860 446 Acheruntem
878 402 1102 464 recipere
1120 399 1282 449 Oreus
1313 401 1470 447 noluit
1489 437 1505 460 ,

266 481 402 547 Quia
436 492 753 547 praemature
793 486 891 530 vita
929 500 1101 531 careo.

261 566 437 614 Contra
473 568 546 614 ius
583 567 743 633 itaque
782 567 1059 617 Pontificale
1095 568 1262 617 fecisse
1307 568 1508 617 Baebius

190 653 384 705 videtur
407 691 421 713 ,
459 655 541 720 qui
564 654 725 701 locum
762 653 1028 719 sepulturae
1062 657 1226 704 statuit
1260 655 1332 703 his
1352 694 1365 717 ,
1394 673 1509 721 quos

191 743 300 810 lege
336 742 594 809 insepultos
632 742 774 789 abiici
812 743 1121 793 constitutum
1159 751 1273 790 erat.
1327 744 1509 791 Verum

191 831 241 876 in
278 847 332 878 ea
371 838 585 894 tempora
621 829 808 877 fortasse
841 828 1014 877 incidit
1051 829 1256 878 Baebius
1282 867 1296 890 ‚
1334 829 1509 897 quibus

192 915 403 964 suicidae
425 953 439 976 ‚
478 914 597 981 legis
646 915 745 964 sive
781 914 1099 964 desuetudine
1126 953 1138 975 ,
1195 917 1292 967 sive
1330 925 1506 966 cotem-

190 1010 278 1068 ptu
304 1038 319 1062 ,
358 1001 408 1049 in
443 1017 492 1047 se
528 1001 652 1067 ipsos
688 1001 885 1067 impune
920 1001 1264 1067 grassabantur.

264 1088 331 1136 II.
372 1088 582 1138 Privata
634 1087 755 1135 mihi
791 1087 1000 1155 sepulcra
1036 1098 1146 1136 sunt
1171 1127 1187 1151 ‚
1246 1108 1345 1137 non
1394 1108 1512 1157 quae

195 1176 280 1222 uni
320 1174 569 1223 dumtaxat
602 1175 878 1240 recipiendo
913 1174 1212 1224 destinantur
1233 1214 1248 1239 ,
1289 1175 1373 1225 sed
1409 1177 1514 1243 plu⁴²

192 1261 323 1311 ribus
362 1263 501 1309 etiam
528 1298 544 1322 ,
605 1278 811 1327 quorum
851 1277 962 1308 cum
998 1263 1205 1325 personis
1257 1261 1513 1311 inferendis

191 1347 531 1395 determinatus
568 1365 757 1414 quoque
794 1363 1018 1395 numerus
1055 1347 1130 1395 sit.
1170 1347 1287 1396 Tale
1323 1349 1445 1397 illud
1465 1352 1513 1398 in

191 1434 349 1483 Sacris
383 1434 570 1494 literis,
626 1434 751 1482 unde
802 1433 1040 1501 originum
1065 1471 1080 1496 ,
1137 1434 1515 1503 religionumque

196 1520 529 1572 universarum
565 1520 668 1569 fons
705 1520 914 1587 primm,
953 1519 1174 1587 idemque
1232 1521 1516 1587 limpidissi-

194 1624 327 1669 mus,
354 1605 487 1674 quod
506 1607 746 1656 Abraham
766 1606 906 1656 Sarae
922 1609 1059 1656 uxori
1078 1625 1188 1657 suae
1215 1607 1511 1657 Gen.XXII.

195 1696 401 1758 pecunia
437 1697 753 1761 comparavit,
795 1705 842 1744 et
876 1713 971 1763 quo
990 1697 1183 1762 ipsemet
1200 1706 1362 1762 postea
1389 1697 1511 1745 Gen.

191 1780 352 1828 XXV.
394 1791 614 1848 receptus
672 1793 756 1831 est.
799 1783 1137 1850 Sepulcrorum
1194 1793 1349 1832 autem
1388 1789 1512 1851 ejus—

191 1865 326 1915 modi
364 1867 542 1934 ubique
579 1871 752 1934 passim
777 1909 792 1932 .,
831 1879 876 1917 et
911 1871 1009 1918 sine
1046 1887 1242 1918 numero
1291 1872 1507 1937 exempla

191 1963 427 2017 prostant.

265 2038 341 2085 Ad
377 2044 582 2104 privata
620 2041 733 2087 item
771 2039 980 2106 sepulcra
1016 2057 1180 2090 revoco
1199 2041 1514 2099 Valeriorum,

202 2122 532 2172 Fabriciorum
562 2164 576 2185 ‚
616 2125 933 2174 Pobliliorum
970 2134 1277 2173 monumenta
1299 2163 1310 2182 ,
1343 2127 1516 2192 quibus

188 2227 273 2271 ius
300 2211 603 2276 sepulturae
640 2231 750 2261 cum
769 2211 953 2262 Statua
975 2210 1163 2277 publice
1191 2211 1365 2269 datum,
1392 2211 1516 2257 rnul-

194 2302 341 2362 toque
379 2296 530 2364 magis
569 2315 728 2346 eorum
752 2337 767 2361 ‚
829 2299 1001 2365 quibus
1055 2300 1128 2344 ius
1166 2298 1293 2345 idem
1331 2299 1515 2345 decreto
