1606 2891
218 146 283 209 34

224 242 329 282 rant
366 242 668 297 utrorumque
728 238 827 276 tum
865 228 1077 286 Aurelii,
1133 236 1238 276 tum
1285 227 1517 291 Laberii,

220 320 326 368 Filii
352 359 364 379 ‚
406 318 607 367 Nataeve
626 357 640 378 ,
679 317 882 374 Liberti,
920 325 998 363 aut
1021 314 1270 378 Libertae,
1293 317 1530 383 adoptio-

223 425 284 454 ne
313 444 327 466 ,
367 405 441 454 vel
476 408 807 463 matrimonl‘03
836 403 967 467 quod
1001 404 1041 450 si
1078 404 1390 470 contingeret,
1420 402 1527 450 nul-

220 493 315 538 lum
353 490 554 555 amplius
590 489 662 536 his
694 490 739 536 in
761 490 1029 556 sepulcrum
1055 491 1127 539 ius
1150 489 1388 556 reliquum
1410 499 1526 539 erat.

222 578 295 627 Ne
332 589 487 626 tamen
528 576 798 642 sepulcrum
836 576 1010 625 idcirco
1033 577 1310 626 Familiare
1340 584 1530 624 statuas:

222 667 599 717 Hereditariam
635 667 810 732 quippe
847 673 944 723 est,
988 664 1056 711 uti
1092 681 1148 712 ex
1183 661 1390 712 formula
1450 663 1533 711 illa

221 752 404 819 liquido
439 752 669 817 adparet:
712 762 978 801 externum
1014 767 1118 799 non
1151 762 1411 819 sequetur,
1450 754 1527 799 in-

220 838 387 905 tellige
422 837 664 887 heredem.
725 836 950 884 Laberiae
1006 836 1149 904 igitur
1179 874 1194 897 ,
1253 836 1534 904 Aureliique

219 924 415 973 heredes
445 963 458 986 ,
499 925 596 972 sive
631 923 779 984 Filii,
816 922 1022 973 Filiaeve
1053 960 1068 983 ,
1107 923 1205 973 sive
1227 923 1423 982 Liberti,
1452 930 1537 970 aut

219 1012 467 1072 Libertae‚
506 1012 544 1058 si
580 1011 640 1059 de
677 1010 862 1058 nomine
899 1018 1208 1075 utrorumque
1243 1010 1532 1071 exciderint,

222 1100 320 1147 iure
355 1098 552 1164 sepulcri
588 1099 850 1162 privantor.

288 1185 396 1245 Quo
433 1193 587 1231 autem
623 1184 914 1245 accuratior,
952 1184 1244 1249 penitiorque
1299 1183 1535 1251 sepulcro-

231 1288 337 1318 rum
373 1271 512 1319 huius
549 1270 729 1338 generis
766 1269 931 1316 notitia
969 1277 1217 1331 teneatur,
1256 1271 1415 1337 deque
1440 1273 1537 1320 sin-

230 1357 360 1425 gulis
396 1356 456 1405 acl
493 1357 606 1404 iuris
642 1372 856 1404 normam
884 1393 899 1415 ,
957 1356 1260 1423 rigoremque
1316 1358 1428 1405 ferri
1463 1358 1536 1407 iu-

230 1444 413 1492 dicium
471 1443 615 1510 possit
643 1483 658 1505 ‚
727 1441 970 1491 sciendum
995 1480 1011 1504 ,
1074 1443 1343 1494 Familiam
1401 1443 1538 1491 aliam

227 1548 336 1581 vere
375 1547 470 1578 esse
505 1533 668 1581 stricti
704 1534 853 1591 iuris,
900 1529 1041 1578 aliam
1075 1531 1381 1581 humanioris
1409 1568 1422 1590 ,
1484 1539 1538 1579 ut

224 1618 286 1664 ita
323 1608 480 1665 dicam
514 1655 529 1678 ‚
586 1635 705 1685 quae
739 1616 878 1664 latius
911 1625 1056 1684 patet.
1114 1616 1315 1666 Familia
1348 1617 1539 1685 proprie

226 1702 541 1770 Agnatoram
579 1713 646 1752 est
674 1741 686 1763 ‚
728 1721 891 1752 eorum
924 1703 1146 1752 videlicet
1171 1741 1183 1762 ⁷
1240 1705 1329 1772 qui
1364 1722 1420 1752 ex
1457 1722 1534 1752 ea·-

230 1789 340 1837 deni
376 1791 553 1852 dome,
594 1808 645 1839 ac
680 1799 816 1859 gente
850 1791 1023 1856 prosati
1081 1790 1170 1838 sub
1205 1792 1344 1840 unius
1397 1800 1532 1858 pote-

228 1884 343 1924 state
381 1877 606 1936 fuerunt;
647 1878 777 1944 quod
813 1875 1046 1925 interdum
1100 1878 1149 1924 in
1183 1879 1368 1926 maioris
1427 1895 1535 1944 per-

226 1964 484 2027 spicuitatis
520 1963 716 2030 gratiam
751 1964 799 2011 in
836 1963 981 2012 titulis
1017 1979 1286 2031 expressum
1311 2003 1322 2025 ,
1375 1973 1432 2013 ut
1466 1964 1534 2014 vi=

224 2049 335 2098 dere
372 2049 482 2097 licet
520 2050 569 2096 in
605 2050 881 2099 Reinesiano
917 2051 1002 2099 hoc
1037 2050 1149 2117 (1):

289 2333 354 2376 (1)
381 2323 480 2379 Pag.
520 2324 613 2368 655.
647 2342 686 2366 n.
718 2326 808 2367 ΧΠ.
